@book{adams1995hitchhiker,
  title={The Hitchhiker's Guide to the Galaxy},
  author={Adams, D.},
  isbn={9781417642595},
  url={http://books.google.com/books?id=W-xMPgAACAAJ},
  year={1995},
  publisher={San Val}
}


@incollection{einstein1922general,
	Author = {Einstein, Albert},
	Booktitle = {The Meaning of Relativity},
	Pages = {54--75},
	Publisher = {Springer},
	Title = {The general theory of relativity},
	Year = {1922}
}

@article{Keshav,
	Acmid = {1273458},
	Address = {New York, NY, USA},
	Author = {Keshav, S.},
	Doi = {10.1145/1273445.1273458},
	Issn = {0146-4833},
	Issue_Date = {July 2007},
	Journal = {SIGCOMM Comput. Commun. Rev.},
	Keywords = {hints, paper, reading},
	Month = jul,
	Number = {3},
	Numpages = {2},
	Pages = {83--84},
	Publisher = {ACM},
	Title = {How to Read a Paper},
	Url = {http://doi.acm.org/10.1145/1273445.1273458},
	Volume = {37},
	Year = {2007}
}